@article{PMID:32953162,
  title   = {The targeted delivery of interleukin-12 to the carcinoembryonic antigen increases the intratumoral density of {NK} and {CD8}$^+$ {T} cell in an immunocompetent mouse model of colorectal cancer.},
  author  = {Puca E and Schmitt-Koopmann C and Furter M and Murer P and Probst P and Dihr M and Bajic D and Neri D},
  doi     = {10.21037/jgo.2020.04.02},
  journal = {Journal of gastrointestinal oncology},
  month   = {08},
  year    = {2020}
}